%YAML 1.1
%TAG !u! tag:unity3d.com,2011:
--- !u!1 &118177837912691619
GameObject:
  m_ObjectHideFlags: 0
  m_CorrespondingSourceObject: {fileID: 0}
  m_PrefabInstance: {fileID: 0}
  m_PrefabAsset: {fileID: 0}
  serializedVersion: 6
  m_Component:
  - component: {fileID: 118177837912691618}
  m_Layer: 0
  m_Name: sprites
  m_TagString: Untagged
  m_Icon: {fileID: 0}
  m_NavMeshLayer: 0
  m_StaticEditorFlags: 0
  m_IsActive: 1
--- !u!4 &118177837912691618
Transform:
  m_ObjectHideFlags: 0
  m_CorrespondingSourceObject: {fileID: 0}
  m_PrefabInstance: {fileID: 0}
  m_PrefabAsset: {fileID: 0}
  m_GameObject: {fileID: 118177837912691619}
  m_LocalRotation: {x: 0, y: 0, z: 0, w: 1}
  m_LocalPosition: {x: 0, y: 0, z: 0}
  m_LocalScale: {x: 1, y: 1, z: 1}
  m_Children:
  - {fileID: 118177838713549807}
  - {fileID: 5838644639705963954}
  - {fileID: 7163607790466922987}
  m_Father: {fileID: 118177839228462978}
  m_RootOrder: 1
  m_LocalEulerAnglesHint: {x: 0, y: 0, z: 0}
--- !u!1 &118177838155172062
GameObject:
  m_ObjectHideFlags: 0
  m_CorrespondingSourceObject: {fileID: 0}
  m_PrefabInstance: {fileID: 0}
  m_PrefabAsset: {fileID: 0}
  serializedVersion: 6
  m_Component:
  - component: {fileID: 118177838155172057}
  - component: {fileID: 2832463473639764285}
  m_Layer: 9
  m_Name: collider
  m_TagString: Untagged
  m_Icon: {fileID: 0}
  m_NavMeshLayer: 0
  m_StaticEditorFlags: 0
  m_IsActive: 1
--- !u!4 &118177838155172057
Transform:
  m_ObjectHideFlags: 0
  m_CorrespondingSourceObject: {fileID: 0}
  m_PrefabInstance: {fileID: 0}
  m_PrefabAsset: {fileID: 0}
  m_GameObject: {fileID: 118177838155172062}
  m_LocalRotation: {x: 0, y: 0, z: 0, w: 1}
  m_LocalPosition: {x: 0, y: 0, z: 0}
  m_LocalScale: {x: 1, y: 1, z: 1}
  m_Children: []
  m_Father: {fileID: 118177838167865526}
  m_RootOrder: 0
  m_LocalEulerAnglesHint: {x: 0, y: 0, z: 0}
--- !u!60 &2832463473639764285
PolygonCollider2D:
  m_ObjectHideFlags: 0
  m_CorrespondingSourceObject: {fileID: 0}
  m_PrefabInstance: {fileID: 0}
  m_PrefabAsset: {fileID: 0}
  m_GameObject: {fileID: 118177838155172062}
  m_Enabled: 1
  m_Density: 1
  m_Material: {fileID: 0}
  m_IsTrigger: 0
  m_UsedByEffector: 0
  m_UsedByComposite: 0
  m_Offset: {x: 0, y: 0}
  m_SpriteTilingProperty:
    border: {x: 0, y: 0, z: 0, w: 0}
    pivot: {x: 0, y: 0}
    oldSize: {x: 0, y: 0}
    newSize: {x: 0, y: 0}
    adaptiveTilingThreshold: 0
    drawMode: 0
    adaptiveTiling: 0
  m_AutoTiling: 0
  m_Points:
    m_Paths:
    - - {x: 0.3024221, y: 0.4717319}
      - {x: 0.3011941, y: 0.48871186}
      - {x: 0.23477365, y: 0.5254893}
      - {x: 0.21371512, y: 0.5077145}
      - {x: 0.13231558, y: 0.5241402}
      - {x: -0.29108185, y: 0.69693875}
      - {x: -0.76558864, y: 0.16527814}
      - {x: -0.8233109, y: 0.12586622}
      - {x: -0.833675, y: 0.10271011}
      - {x: -0.8295201, y: 0.06945809}
      - {x: -0.8074592, y: 0.053396378}
      - {x: -0.80691856, y: -0.010840498}
      - {x: -0.63352567, y: -0.108516105}
      - {x: -0.3771155, y: -0.19748466}
      - {x: -0.261686, y: -0.1999433}
      - {x: -0.1867499, y: -0.2462444}
      - {x: -0.115330756, y: -0.33089086}
      - {x: 0.12745643, y: -0.5655668}
      - {x: 0.20828967, y: -0.6030695}
      - {x: 0.25069955, y: -0.5696865}
      - {x: 0.35415664, y: -0.61899304}
      - {x: 0.37763637, y: -0.60290915}
      - {x: 0.83634984, y: 0.07675722}
      - {x: 0.5683813, y: 0.23262918}
--- !u!1 &118177838167865527
GameObject:
  m_ObjectHideFlags: 0
  m_CorrespondingSourceObject: {fileID: 0}
  m_PrefabInstance: {fileID: 0}
  m_PrefabAsset: {fileID: 0}
  serializedVersion: 6
  m_Component:
  - component: {fileID: 118177838167865526}
  m_Layer: 0
  m_Name: colliders
  m_TagString: Untagged
  m_Icon: {fileID: 0}
  m_NavMeshLayer: 0
  m_StaticEditorFlags: 0
  m_IsActive: 1
--- !u!4 &118177838167865526
Transform:
  m_ObjectHideFlags: 0
  m_CorrespondingSourceObject: {fileID: 0}
  m_PrefabInstance: {fileID: 0}
  m_PrefabAsset: {fileID: 0}
  m_GameObject: {fileID: 118177838167865527}
  m_LocalRotation: {x: 0, y: 0, z: 0, w: 1}
  m_LocalPosition: {x: 0, y: 0, z: 0}
  m_LocalScale: {x: 1, y: 1, z: 1}
  m_Children:
  - {fileID: 118177838155172057}
  m_Father: {fileID: 118177839228462978}
  m_RootOrder: 0
  m_LocalEulerAnglesHint: {x: 0, y: 0, z: 0}
--- !u!1 &118177838713549804
GameObject:
  m_ObjectHideFlags: 0
  m_CorrespondingSourceObject: {fileID: 0}
  m_PrefabInstance: {fileID: 0}
  m_PrefabAsset: {fileID: 0}
  serializedVersion: 6
  m_Component:
  - component: {fileID: 118177838713549807}
  - component: {fileID: 118177838713549806}
  m_Layer: 0
  m_Name: Square
  m_TagString: Untagged
  m_Icon: {fileID: 0}
  m_NavMeshLayer: 0
  m_StaticEditorFlags: 0
  m_IsActive: 0
--- !u!4 &118177838713549807
Transform:
  m_ObjectHideFlags: 0
  m_CorrespondingSourceObject: {fileID: 0}
  m_PrefabInstance: {fileID: 0}
  m_PrefabAsset: {fileID: 0}
  m_GameObject: {fileID: 118177838713549804}
  m_LocalRotation: {x: -0, y: -0, z: -0, w: 1}
  m_LocalPosition: {x: 0, y: 0, z: 0}
  m_LocalScale: {x: 2, y: 2, z: 1}
  m_Children: []
  m_Father: {fileID: 118177837912691618}
  m_RootOrder: 0
  m_LocalEulerAnglesHint: {x: 0, y: 0, z: 0}
--- !u!212 &118177838713549806
SpriteRenderer:
  m_ObjectHideFlags: 0
  m_CorrespondingSourceObject: {fileID: 0}
  m_PrefabInstance: {fileID: 0}
  m_PrefabAsset: {fileID: 0}
  m_GameObject: {fileID: 118177838713549804}
  m_Enabled: 1
  m_CastShadows: 0
  m_ReceiveShadows: 0
  m_DynamicOccludee: 1
  m_MotionVectors: 1
  m_LightProbeUsage: 1
  m_ReflectionProbeUsage: 1
  m_RayTracingMode: 0
  m_RayTraceProcedural: 0
  m_RenderingLayerMask: 1
  m_RendererPriority: 0
  m_Materials:
  - {fileID: 10754, guid: 0000000000000000f000000000000000, type: 0}
  m_StaticBatchInfo:
    firstSubMesh: 0
    subMeshCount: 0
  m_StaticBatchRoot: {fileID: 0}
  m_ProbeAnchor: {fileID: 0}
  m_LightProbeVolumeOverride: {fileID: 0}
  m_ScaleInLightmap: 1
  m_ReceiveGI: 1
  m_PreserveUVs: 0
  m_IgnoreNormalsForChartDetection: 0
  m_ImportantGI: 0
  m_StitchLightmapSeams: 1
  m_SelectedEditorRenderState: 0
  m_MinimumChartSize: 4
  m_AutoUVMaxDistance: 0.5
  m_AutoUVMaxAngle: 89
  m_LightmapParameters: {fileID: 0}
  m_SortingLayerID: -236166783
  m_SortingLayer: 2
  m_SortingOrder: 0
  m_Sprite: {fileID: 7482667652216324306, guid: 48e93eef0688c4a259cb0eddcd8661f7, type: 3}
  m_Color: {r: 0.28826985, g: 0.7735849, b: 0.33746222, a: 1}
  m_FlipX: 0
  m_FlipY: 0
  m_DrawMode: 0
  m_Size: {x: 1, y: 1}
  m_AdaptiveModeThreshold: 0.5
  m_SpriteTileMode: 0
  m_WasSpriteAssigned: 1
  m_MaskInteraction: 0
  m_SpriteSortPoint: 0
--- !u!1 &118177839228462976
GameObject:
  m_ObjectHideFlags: 0
  m_CorrespondingSourceObject: {fileID: 0}
  m_PrefabInstance: {fileID: 0}
  m_PrefabAsset: {fileID: 0}
  serializedVersion: 6
  m_Component:
  - component: {fileID: 118177839228462978}
  - component: {fileID: 3968667685246344809}
  m_Layer: 0
  m_Name: AnimeBook
  m_TagString: Untagged
  m_Icon: {fileID: 0}
  m_NavMeshLayer: 0
  m_StaticEditorFlags: 0
  m_IsActive: 1
--- !u!4 &118177839228462978
Transform:
  m_ObjectHideFlags: 0
  m_CorrespondingSourceObject: {fileID: 0}
  m_PrefabInstance: {fileID: 0}
  m_PrefabAsset: {fileID: 0}
  m_GameObject: {fileID: 118177839228462976}
  m_LocalRotation: {x: 0, y: 0, z: 0, w: 1}
  m_LocalPosition: {x: 27.16, y: 2.92, z: 3.7737784}
  m_LocalScale: {x: 10, y: 10, z: 1}
  m_Children:
  - {fileID: 118177838167865526}
  - {fileID: 118177837912691618}
  m_Father: {fileID: 0}
  m_RootOrder: 0
  m_LocalEulerAnglesHint: {x: 0, y: 0, z: 0}
--- !u!114 &3968667685246344809
MonoBehaviour:
  m_ObjectHideFlags: 0
  m_CorrespondingSourceObject: {fileID: 0}
  m_PrefabInstance: {fileID: 0}
  m_PrefabAsset: {fileID: 0}
  m_GameObject: {fileID: 118177839228462976}
  m_Enabled: 1
  m_EditorHideFlags: 0
  m_Script: {fileID: 11500000, guid: 0223a133fa2135a41866ac7a0ddfa8b1, type: 3}
  m_Name: 
  m_EditorClassIdentifier: 
  config: {fileID: 11400000, guid: 4a58394a5260bc248a9442057d4fea23, type: 2}
  colliderRoot: {fileID: 118177838167865527}
  spriteRoot: {fileID: 118177837912691619}
--- !u!1 &4843517495606844342
GameObject:
  m_ObjectHideFlags: 0
  m_CorrespondingSourceObject: {fileID: 0}
  m_PrefabInstance: {fileID: 0}
  m_PrefabAsset: {fileID: 0}
  serializedVersion: 6
  m_Component:
  - component: {fileID: 5838644639705963954}
  - component: {fileID: 6422283302823542977}
  - component: {fileID: 7578450662727449943}
  m_Layer: 0
  m_Name: furniture
  m_TagString: Untagged
  m_Icon: {fileID: 0}
  m_NavMeshLayer: 0
  m_StaticEditorFlags: 0
  m_IsActive: 1
--- !u!4 &5838644639705963954
Transform:
  m_ObjectHideFlags: 0
  m_CorrespondingSourceObject: {fileID: 0}
  m_PrefabInstance: {fileID: 0}
  m_PrefabAsset: {fileID: 0}
  m_GameObject: {fileID: 4843517495606844342}
  m_LocalRotation: {x: 0, y: 0, z: 0, w: 1}
  m_LocalPosition: {x: 0, y: 0, z: 0}
  m_LocalScale: {x: 0.3, y: 0.3, z: 1}
  m_Children: []
  m_Father: {fileID: 118177837912691618}
  m_RootOrder: 1
  m_LocalEulerAnglesHint: {x: 0, y: 0, z: 0}
--- !u!212 &6422283302823542977
SpriteRenderer:
  m_ObjectHideFlags: 0
  m_CorrespondingSourceObject: {fileID: 0}
  m_PrefabInstance: {fileID: 0}
  m_PrefabAsset: {fileID: 0}
  m_GameObject: {fileID: 4843517495606844342}
  m_Enabled: 1
  m_CastShadows: 0
  m_ReceiveShadows: 0
  m_DynamicOccludee: 1
  m_MotionVectors: 1
  m_LightProbeUsage: 1
  m_ReflectionProbeUsage: 1
  m_RayTracingMode: 0
  m_RayTraceProcedural: 0
  m_RenderingLayerMask: 1
  m_RendererPriority: 0
  m_Materials:
  - {fileID: 10754, guid: 0000000000000000f000000000000000, type: 0}
  m_StaticBatchInfo:
    firstSubMesh: 0
    subMeshCount: 0
  m_StaticBatchRoot: {fileID: 0}
  m_ProbeAnchor: {fileID: 0}
  m_LightProbeVolumeOverride: {fileID: 0}
  m_ScaleInLightmap: 1
  m_ReceiveGI: 1
  m_PreserveUVs: 0
  m_IgnoreNormalsForChartDetection: 0
  m_ImportantGI: 0
  m_StitchLightmapSeams: 1
  m_SelectedEditorRenderState: 0
  m_MinimumChartSize: 4
  m_AutoUVMaxDistance: 0.5
  m_AutoUVMaxAngle: 89
  m_LightmapParameters: {fileID: 0}
  m_SortingLayerID: 2041132691
  m_SortingLayer: 6
  m_SortingOrder: 0
  m_Sprite: {fileID: 21300000, guid: 99f34ee1ee24d8640b7c22f558725180, type: 3}
  m_Color: {r: 1, g: 1, b: 1, a: 1}
  m_FlipX: 0
  m_FlipY: 0
  m_DrawMode: 0
  m_Size: {x: 14.83, y: 6.29}
  m_AdaptiveModeThreshold: 0.5
  m_SpriteTileMode: 0
  m_WasSpriteAssigned: 1
  m_MaskInteraction: 0
  m_SpriteSortPoint: 0
--- !u!60 &7578450662727449943
PolygonCollider2D:
  m_ObjectHideFlags: 0
  m_CorrespondingSourceObject: {fileID: 0}
  m_PrefabInstance: {fileID: 0}
  m_PrefabAsset: {fileID: 0}
  m_GameObject: {fileID: 4843517495606844342}
  m_Enabled: 1
  m_Density: 1
  m_Material: {fileID: 0}
  m_IsTrigger: 0
  m_UsedByEffector: 0
  m_UsedByComposite: 0
  m_Offset: {x: 0, y: 0}
  m_SpriteTilingProperty:
    border: {x: 0, y: 0, z: 0, w: 0}
    pivot: {x: 0.5, y: 0.5}
    oldSize: {x: 5.58, y: 4.65}
    newSize: {x: 14.83, y: 6.29}
    adaptiveTilingThreshold: 0.5
    drawMode: 0
    adaptiveTiling: 0
  m_AutoTiling: 0
  m_Points:
    m_Paths:
    - - {x: 1.61, y: -1.635}
      - {x: 1.7199999, y: -1.485}
      - {x: 1.78, y: -1.385}
      - {x: 1.93, y: -1.145}
      - {x: 2.03, y: -0.97499996}
      - {x: 2.09, y: -0.885}
      - {x: 2.18, y: -0.73499995}
      - {x: 2.24, y: -0.60499996}
      - {x: 2.34, y: -0.48499998}
      - {x: 2.34, y: -0.465}
      - {x: 2.4099998, y: -0.36499998}
      - {x: 2.46, y: -0.295}
      - {x: 2.54, y: -0.185}
      - {x: 2.57, y: -0.125}
      - {x: 2.6599998, y: -0.015}
      - {x: 2.72, y: 0.085}
      - {x: 2.76, y: 0.13499999}
      - {x: 2.78, y: 0.205}
      - {x: 2.78, y: 0.235}
      - {x: 2.72, y: 0.325}
      - {x: 2.6699998, y: 0.36499998}
      - {x: 2.5, y: 0.42499998}
      - {x: 2.37, y: 0.49499997}
      - {x: 2.3, y: 0.525}
      - {x: 2.2, y: 0.59499997}
      - {x: 2.1, y: 0.675}
      - {x: 1.9699999, y: 0.765}
      - {x: 1.8399999, y: 0.875}
      - {x: 1.7199999, y: 0.965}
      - {x: 1.55, y: 1.115}
      - {x: 1.4599999, y: 1.185}
      - {x: 1.1999999, y: 1.435}
      - {x: 1, y: 1.635}
      - {x: 0.84, y: 1.745}
      - {x: 0.78999996, y: 1.755}
      - {x: 0.72999996, y: 1.7049999}
      - {x: 0.53999996, y: 1.7249999}
      - {x: 0.5, y: 1.755}
      - {x: 0.38, y: 1.785}
      - {x: 0.22, y: 1.8549999}
      - {x: -0.049999997, y: 1.9549999}
      - {x: -0.17999999, y: 2.0149999}
      - {x: -0.42999998, y: 2.125}
      - {x: -0.71, y: 2.235}
      - {x: -0.87, y: 2.325}
      - {x: -1.01, y: 2.325}
      - {x: -1.1899999, y: 2.195}
      - {x: -1.3399999, y: 2.0149999}
      - {x: -1.36, y: 1.9649999}
      - {x: -1.54, y: 1.785}
      - {x: -1.5899999, y: 1.655}
      - {x: -1.7099999, y: 1.515}
      - {x: -1.8299999, y: 1.405}
      - {x: -1.9499999, y: 1.265}
      - {x: -2.06, y: 1.125}
      - {x: -2.22, y: 0.955}
      - {x: -2.27, y: 0.92499995}
      - {x: -2.32, y: 0.835}
      - {x: -2.35, y: 0.815}
      - {x: -2.46, y: 0.66499996}
      - {x: -2.55, y: 0.59499997}
      - {x: -2.6299999, y: 0.515}
      - {x: -2.7, y: 0.475}
      - {x: -2.78, y: 0.415}
      - {x: -2.79, y: 0.36499998}
      - {x: -2.79, y: 0.225}
      - {x: -2.73, y: 0.175}
      - {x: -2.72, y: 0.055}
      - {x: -2.7, y: -0.035}
      - {x: -2.6, y: -0.105}
      - {x: -2.47, y: -0.175}
      - {x: -2.35, y: -0.24499999}
      - {x: -2.07, y: -0.405}
      - {x: -1.9, y: -0.45499998}
      - {x: -1.75, y: -0.515}
      - {x: -1.53, y: -0.59499997}
      - {x: -1.35, y: -0.625}
      - {x: -1.14, y: -0.66499996}
      - {x: -0.97999996, y: -0.675}
      - {x: -0.87, y: -0.675}
      - {x: -0.83, y: -0.705}
      - {x: -0.7, y: -0.805}
      - {x: -0.56, y: -0.905}
      - {x: -0.39, y: -1.115}
      - {x: -0.37, y: -1.155}
      - {x: -0.29, y: -1.2149999}
      - {x: -0.16, y: -1.3249999}
      - {x: 0.14999999, y: -1.645}
      - {x: 0.19, y: -1.675}
      - {x: 0.29, y: -1.755}
      - {x: 0.47, y: -1.925}
      - {x: 0.63, y: -2.0349998}
      - {x: 0.74, y: -2.0149999}
      - {x: 0.82, y: -1.925}
      - {x: 0.87, y: -1.935}
      - {x: 1.11, y: -2.065}
      - {x: 1.1999999, y: -2.065}
      - {x: 1.25, y: -2.055}
      - {x: 1.36, y: -1.995}
      - {x: 1.42, y: -1.925}
      - {x: 1.53, y: -1.785}
--- !u!1 &6239870694513858145
GameObject:
  m_ObjectHideFlags: 0
  m_CorrespondingSourceObject: {fileID: 0}
  m_PrefabInstance: {fileID: 0}
  m_PrefabAsset: {fileID: 0}
  serializedVersion: 6
  m_Component:
  - component: {fileID: 7163607790466922987}
  - component: {fileID: 633716761195443316}
  m_Layer: 0
  m_Name: shadow
  m_TagString: Untagged
  m_Icon: {fileID: 0}
  m_NavMeshLayer: 0
  m_StaticEditorFlags: 0
  m_IsActive: 1
--- !u!4 &7163607790466922987
Transform:
  m_ObjectHideFlags: 0
  m_CorrespondingSourceObject: {fileID: 0}
  m_PrefabInstance: {fileID: 0}
  m_PrefabAsset: {fileID: 0}
  m_GameObject: {fileID: 6239870694513858145}
  m_LocalRotation: {x: -0, y: -0, z: -0, w: 1}
  m_LocalPosition: {x: 0, y: 0, z: 0}
  m_LocalScale: {x: 0.3, y: 0.3, z: 1}
  m_Children: []
  m_Father: {fileID: 118177837912691618}
  m_RootOrder: 2
  m_LocalEulerAnglesHint: {x: 0, y: 0, z: 0}
--- !u!212 &633716761195443316
SpriteRenderer:
  m_ObjectHideFlags: 0
  m_CorrespondingSourceObject: {fileID: 0}
  m_PrefabInstance: {fileID: 0}
  m_PrefabAsset: {fileID: 0}
  m_GameObject: {fileID: 6239870694513858145}
  m_Enabled: 1
  m_CastShadows: 0
  m_ReceiveShadows: 0
  m_DynamicOccludee: 1
  m_MotionVectors: 1
  m_LightProbeUsage: 1
  m_ReflectionProbeUsage: 1
  m_RayTracingMode: 0
  m_RayTraceProcedural: 0
  m_RenderingLayerMask: 1
  m_RendererPriority: 0
  m_Materials:
  - {fileID: 10754, guid: 0000000000000000f000000000000000, type: 0}
  m_StaticBatchInfo:
    firstSubMesh: 0
    subMeshCount: 0
  m_StaticBatchRoot: {fileID: 0}
  m_ProbeAnchor: {fileID: 0}
  m_LightProbeVolumeOverride: {fileID: 0}
  m_ScaleInLightmap: 1
  m_ReceiveGI: 1
  m_PreserveUVs: 0
  m_IgnoreNormalsForChartDetection: 0
  m_ImportantGI: 0
  m_StitchLightmapSeams: 1
  m_SelectedEditorRenderState: 0
  m_MinimumChartSize: 4
  m_AutoUVMaxDistance: 0.5
  m_AutoUVMaxAngle: 89
  m_LightmapParameters: {fileID: 0}
  m_SortingLayerID: 2041132691
  m_SortingLayer: 6
  m_SortingOrder: 0
  m_Sprite: {fileID: 21300000, guid: 5d9c1eef094885a49abb262744163924, type: 3}
  m_Color: {r: 0.18867922, g: 0.18244925, b: 0.18244925, a: 0.4392157}
  m_FlipX: 0
  m_FlipY: 0
  m_DrawMode: 0
  m_Size: {x: 14.83, y: 6.29}
  m_AdaptiveModeThreshold: 0.5
  m_SpriteTileMode: 0
  m_WasSpriteAssigned: 1
  m_MaskInteraction: 0
  m_SpriteSortPoint: 0
