%YAML 1.1
%TAG !u! tag:unity3d.com,2011:
--- !u!1 &956123734413327421
GameObject:
  m_ObjectHideFlags: 0
  m_CorrespondingSourceObject: {fileID: 0}
  m_PrefabInstance: {fileID: 0}
  m_PrefabAsset: {fileID: 0}
  serializedVersion: 6
  m_Component:
  - component: {fileID: 4086615867785778103}
  - component: {fileID: 5987472100529217064}
  m_Layer: 0
  m_Name: shadow
  m_TagString: Untagged
  m_Icon: {fileID: 0}
  m_NavMeshLayer: 0
  m_StaticEditorFlags: 0
  m_IsActive: 1
--- !u!4 &4086615867785778103
Transform:
  m_ObjectHideFlags: 0
  m_CorrespondingSourceObject: {fileID: 0}
  m_PrefabInstance: {fileID: 0}
  m_PrefabAsset: {fileID: 0}
  m_GameObject: {fileID: 956123734413327421}
  m_LocalRotation: {x: -0, y: -0, z: -0, w: 1}
  m_LocalPosition: {x: 0, y: 0, z: 0}
  m_LocalScale: {x: 0.3, y: 0.3, z: 1}
  m_Children: []
  m_Father: {fileID: 6521060735878232574}
  m_RootOrder: 2
  m_LocalEulerAnglesHint: {x: 0, y: 0, z: 0}
--- !u!212 &5987472100529217064
SpriteRenderer:
  m_ObjectHideFlags: 0
  m_CorrespondingSourceObject: {fileID: 0}
  m_PrefabInstance: {fileID: 0}
  m_PrefabAsset: {fileID: 0}
  m_GameObject: {fileID: 956123734413327421}
  m_Enabled: 1
  m_CastShadows: 0
  m_ReceiveShadows: 0
  m_DynamicOccludee: 1
  m_MotionVectors: 1
  m_LightProbeUsage: 1
  m_ReflectionProbeUsage: 1
  m_RayTracingMode: 0
  m_RayTraceProcedural: 0
  m_RenderingLayerMask: 1
  m_RendererPriority: 0
  m_Materials:
  - {fileID: 10754, guid: 0000000000000000f000000000000000, type: 0}
  m_StaticBatchInfo:
    firstSubMesh: 0
    subMeshCount: 0
  m_StaticBatchRoot: {fileID: 0}
  m_ProbeAnchor: {fileID: 0}
  m_LightProbeVolumeOverride: {fileID: 0}
  m_ScaleInLightmap: 1
  m_ReceiveGI: 1
  m_PreserveUVs: 0
  m_IgnoreNormalsForChartDetection: 0
  m_ImportantGI: 0
  m_StitchLightmapSeams: 1
  m_SelectedEditorRenderState: 0
  m_MinimumChartSize: 4
  m_AutoUVMaxDistance: 0.5
  m_AutoUVMaxAngle: 89
  m_LightmapParameters: {fileID: 0}
  m_SortingLayerID: 2041132691
  m_SortingLayer: 7
  m_SortingOrder: 0
  m_Sprite: {fileID: 21300000, guid: e49af3e32cd8211448785b48364df0c4, type: 3}
  m_Color: {r: 0.18867922, g: 0.18244925, b: 0.18244925, a: 0.4392157}
  m_FlipX: 0
  m_FlipY: 0
  m_DrawMode: 0
  m_Size: {x: 14.83, y: 6.29}
  m_AdaptiveModeThreshold: 0.5
  m_SpriteTileMode: 0
  m_WasSpriteAssigned: 1
  m_MaskInteraction: 0
  m_SpriteSortPoint: 0
--- !u!1 &1795543919238443498
GameObject:
  m_ObjectHideFlags: 0
  m_CorrespondingSourceObject: {fileID: 0}
  m_PrefabInstance: {fileID: 0}
  m_PrefabAsset: {fileID: 0}
  serializedVersion: 6
  m_Component:
  - component: {fileID: 782399777977497582}
  - component: {fileID: 215087072336194205}
  - component: {fileID: 5278134640210641446}
  m_Layer: 0
  m_Name: furniture
  m_TagString: Untagged
  m_Icon: {fileID: 0}
  m_NavMeshLayer: 0
  m_StaticEditorFlags: 0
  m_IsActive: 1
--- !u!4 &782399777977497582
Transform:
  m_ObjectHideFlags: 0
  m_CorrespondingSourceObject: {fileID: 0}
  m_PrefabInstance: {fileID: 0}
  m_PrefabAsset: {fileID: 0}
  m_GameObject: {fileID: 1795543919238443498}
  m_LocalRotation: {x: 0, y: 0, z: 0, w: 1}
  m_LocalPosition: {x: 0, y: 0, z: 0}
  m_LocalScale: {x: 0.3, y: 0.3, z: 1}
  m_Children: []
  m_Father: {fileID: 6521060735878232574}
  m_RootOrder: 1
  m_LocalEulerAnglesHint: {x: 0, y: 0, z: 0}
--- !u!212 &215087072336194205
SpriteRenderer:
  m_ObjectHideFlags: 0
  m_CorrespondingSourceObject: {fileID: 0}
  m_PrefabInstance: {fileID: 0}
  m_PrefabAsset: {fileID: 0}
  m_GameObject: {fileID: 1795543919238443498}
  m_Enabled: 1
  m_CastShadows: 0
  m_ReceiveShadows: 0
  m_DynamicOccludee: 1
  m_MotionVectors: 1
  m_LightProbeUsage: 1
  m_ReflectionProbeUsage: 1
  m_RayTracingMode: 0
  m_RayTraceProcedural: 0
  m_RenderingLayerMask: 1
  m_RendererPriority: 0
  m_Materials:
  - {fileID: 10754, guid: 0000000000000000f000000000000000, type: 0}
  m_StaticBatchInfo:
    firstSubMesh: 0
    subMeshCount: 0
  m_StaticBatchRoot: {fileID: 0}
  m_ProbeAnchor: {fileID: 0}
  m_LightProbeVolumeOverride: {fileID: 0}
  m_ScaleInLightmap: 1
  m_ReceiveGI: 1
  m_PreserveUVs: 0
  m_IgnoreNormalsForChartDetection: 0
  m_ImportantGI: 0
  m_StitchLightmapSeams: 1
  m_SelectedEditorRenderState: 0
  m_MinimumChartSize: 4
  m_AutoUVMaxDistance: 0.5
  m_AutoUVMaxAngle: 89
  m_LightmapParameters: {fileID: 0}
  m_SortingLayerID: -956767963
  m_SortingLayer: 6
  m_SortingOrder: 0
  m_Sprite: {fileID: 21300000, guid: 5f06c6145c054a649aaad7ddc5509457, type: 3}
  m_Color: {r: 1, g: 1, b: 1, a: 1}
  m_FlipX: 0
  m_FlipY: 0
  m_DrawMode: 0
  m_Size: {x: 14.83, y: 6.29}
  m_AdaptiveModeThreshold: 0.5
  m_SpriteTileMode: 0
  m_WasSpriteAssigned: 1
  m_MaskInteraction: 0
  m_SpriteSortPoint: 0
--- !u!60 &5278134640210641446
PolygonCollider2D:
  m_ObjectHideFlags: 0
  m_CorrespondingSourceObject: {fileID: 0}
  m_PrefabInstance: {fileID: 0}
  m_PrefabAsset: {fileID: 0}
  m_GameObject: {fileID: 1795543919238443498}
  m_Enabled: 1
  m_Density: 1
  m_Material: {fileID: 0}
  m_IsTrigger: 0
  m_UsedByEffector: 0
  m_UsedByComposite: 0
  m_Offset: {x: 0, y: 0}
  m_SpriteTilingProperty:
    border: {x: 0, y: 0, z: 0, w: 0}
    pivot: {x: 0.5, y: 0.5}
    oldSize: {x: 11.43, y: 12.84}
    newSize: {x: 14.83, y: 6.29}
    adaptiveTilingThreshold: 0.5
    drawMode: 0
    adaptiveTiling: 0
  m_AutoTiling: 0
  m_Points:
    m_Paths:
    - - {x: -4.485, y: -3.4499998}
      - {x: -4.4049997, y: -3.29}
      - {x: -4.4049997, y: -3.09}
      - {x: -4.3849998, y: -3.09}
      - {x: -4.395, y: -2.8799999}
      - {x: -4.325, y: -2.9399998}
      - {x: -4.2149997, y: -2.9399998}
      - {x: -4.095, y: -2.9299998}
      - {x: -3.8249998, y: -2.9299998}
      - {x: -3.705, y: -2.9199998}
      - {x: -3.475, y: -2.9199998}
      - {x: -3.335, y: -2.8999999}
      - {x: -3.3149998, y: -2.9299998}
      - {x: -3.115, y: -2.9199998}
      - {x: -3.105, y: -2.9299998}
      - {x: -3.0449998, y: -2.9299998}
      - {x: -2.985, y: -2.8899999}
      - {x: -2.905, y: -2.8999999}
      - {x: -2.695, y: -2.8999999}
      - {x: -2.585, y: -2.8899999}
      - {x: -2.325, y: -2.8899999}
      - {x: -2.2649999, y: -2.8799999}
      - {x: -2.0149999, y: -2.8899999}
      - {x: -1.895, y: -2.8999999}
      - {x: -1.785, y: -2.8799999}
      - {x: -1.3249999, y: -2.8799999}
      - {x: -1.255, y: -2.87}
      - {x: -1.0649999, y: -2.87}
      - {x: -0.815, y: -2.84}
      - {x: -0.705, y: -2.82}
      - {x: -0.565, y: -2.84}
      - {x: -0.555, y: -2.82}
      - {x: -0.155, y: -2.83}
      - {x: -0.065, y: -2.81}
      - {x: 0.095, y: -2.82}
      - {x: 0.24499999, y: -2.8}
      - {x: 0.375, y: -2.85}
      - {x: 0.42499998, y: -2.86}
      - {x: 0.875, y: -2.86}
      - {x: 1.145, y: -2.83}
      - {x: 1.355, y: -2.8}
      - {x: 1.475, y: -2.8}
      - {x: 1.5949999, y: -2.79}
      - {x: 1.785, y: -2.78}
      - {x: 1.925, y: -2.79}
      - {x: 2.475, y: -2.79}
      - {x: 2.5249999, y: -2.8}
      - {x: 2.625, y: -2.81}
      - {x: 2.745, y: -2.78}
      - {x: 2.865, y: -2.79}
      - {x: 2.975, y: -2.79}
      - {x: 3.0649998, y: -2.78}
      - {x: 3.215, y: -2.79}
      - {x: 3.455, y: -2.77}
      - {x: 3.585, y: -2.78}
      - {x: 3.705, y: -2.77}
      - {x: 3.935, y: -2.78}
      - {x: 4.145, y: -2.77}
      - {x: 4.205, y: -2.78}
      - {x: 4.355, y: -2.79}
      - {x: 4.355, y: -2.9199998}
      - {x: 4.345, y: -3.11}
      - {x: 4.3849998, y: -3.1999998}
      - {x: 4.395, y: -3.29}
      - {x: 4.4449997, y: -3.4099998}
      - {x: 4.505, y: -3.4499998}
      - {x: 4.705, y: -3.47}
      - {x: 4.835, y: -3.4499998}
      - {x: 4.9649997, y: -3.46}
      - {x: 5.045, y: -3.4399998}
      - {x: 5.1549997, y: -3.3899999}
      - {x: 5.185, y: -3.35}
      - {x: 5.205, y: -3.33}
      - {x: 5.205, y: -2.99}
      - {x: 5.185, y: -2.77}
      - {x: 5.185, y: -2.53}
      - {x: 5.1949997, y: -2.47}
      - {x: 5.1749997, y: -2.32}
      - {x: 5.185, y: -2.21}
      - {x: 5.185, y: -1.8}
      - {x: 5.375, y: -1.79}
      - {x: 5.4249997, y: -1.77}
      - {x: 5.4649997, y: -1.73}
      - {x: 5.545, y: -1.63}
      - {x: 5.585, y: -1.56}
      - {x: 5.585, y: -1.22}
      - {x: 5.565, y: -1.04}
      - {x: 5.585, y: -0.96999997}
      - {x: 5.565, y: -0.93}
      - {x: 5.575, y: -0.84999996}
      - {x: 5.595, y: -0.61}
      - {x: 5.595, y: -0.45999998}
      - {x: 5.575, y: -0.42}
      - {x: 5.575, y: -0.28}
      - {x: 5.595, y: -0.08}
      - {x: 5.585, y: 0.01}
      - {x: 5.575, y: 0.22999999}
      - {x: 5.565, y: 0.29999998}
      - {x: 5.525, y: 0.38}
      - {x: 5.535, y: 0.48}
      - {x: 5.525, y: 0.55}
      - {x: 5.515, y: 0.68}
      - {x: 5.505, y: 0.88}
      - {x: 5.535, y: 0.93}
      - {x: 5.545, y: 1.04}
      - {x: 5.545, y: 1.41}
      - {x: 5.525, y: 1.4699999}
      - {x: 5.525, y: 1.5699999}
      - {x: 5.495, y: 1.64}
      - {x: 5.475, y: 1.67}
      - {x: 5.415, y: 1.6999999}
      - {x: 5.365, y: 1.75}
      - {x: 5.105, y: 1.75}
      - {x: 5.075, y: 1.77}
      - {x: 4.915, y: 1.77}
      - {x: 4.915, y: 1.9499999}
      - {x: 4.935, y: 2.2}
      - {x: 4.9249997, y: 2.4299998}
      - {x: 4.9249997, y: 2.69}
      - {x: 4.915, y: 2.8899999}
      - {x: 4.935, y: 2.8899999}
      - {x: 4.9249997, y: 2.97}
      - {x: 4.915, y: 3.31}
      - {x: 4.935, y: 3.31}
      - {x: 4.935, y: 3.6599998}
      - {x: 4.915, y: 3.76}
      - {x: 4.915, y: 3.9399998}
      - {x: 4.9249997, y: 4.04}
      - {x: 4.935, y: 4.19}
      - {x: 4.915, y: 4.27}
      - {x: 4.915, y: 4.73}
      - {x: 4.9249997, y: 4.79}
      - {x: 4.915, y: 4.9}
      - {x: 4.9249997, y: 5.02}
      - {x: 4.915, y: 5.08}
      - {x: 4.915, y: 5.25}
      - {x: 4.9049997, y: 5.31}
      - {x: 4.9049997, y: 5.6299996}
      - {x: 4.9249997, y: 5.6299996}
      - {x: 4.9249997, y: 5.7}
      - {x: 4.915, y: 6.24}
      - {x: 4.895, y: 6.2999997}
      - {x: 4.825, y: 6.3599997}
      - {x: 4.705, y: 6.41}
      - {x: 4.565, y: 6.42}
      - {x: 4.555, y: 6.42}
      - {x: 4.395, y: 6.39}
      - {x: 4.3849998, y: 6.3799996}
      - {x: 4.145, y: 6.39}
      - {x: 3.885, y: 6.3999996}
      - {x: 3.705, y: 6.41}
      - {x: 3.595, y: 6.39}
      - {x: 3.595, y: 6.41}
      - {x: 3.495, y: 6.42}
      - {x: 2.405, y: 6.42}
      - {x: 2.095, y: 6.3999996}
      - {x: 2.085, y: 6.41}
      - {x: 2.065, y: 6.3999996}
      - {x: 1.685, y: 6.3999996}
      - {x: 1.495, y: 6.39}
      - {x: 1.4549999, y: 6.3999996}
      - {x: 1.385, y: 6.37}
      - {x: 1.235, y: 6.37}
      - {x: 0.935, y: 6.3599997}
      - {x: 0.675, y: 6.3599997}
      - {x: 0.625, y: 6.37}
      - {x: 0.625, y: 6.35}
      - {x: 0.48499998, y: 6.37}
      - {x: -0.005, y: 6.37}
      - {x: -0.205, y: 6.3599997}
      - {x: -0.515, y: 6.35}
      - {x: -0.515, y: 6.37}
      - {x: -0.92499995, y: 6.37}
      - {x: -1.025, y: 6.3599997}
      - {x: -1.0649999, y: 6.39}
      - {x: -1.1949999, y: 6.3799996}
      - {x: -1.2049999, y: 6.3599997}
      - {x: -1.535, y: 6.3599997}
      - {x: -1.7249999, y: 6.37}
      - {x: -2.095, y: 6.37}
      - {x: -2.2649999, y: 6.35}
      - {x: -2.345, y: 6.3399997}
      - {x: -2.575, y: 6.33}
      - {x: -2.885, y: 6.33}
      - {x: -3.0449998, y: 6.3599997}
      - {x: -3.135, y: 6.2999997}
      - {x: -3.175, y: 6.21}
      - {x: -3.185, y: 6.1099997}
      - {x: -3.175, y: 6.02}
      - {x: -3.165, y: 5.6299996}
      - {x: -3.175, y: 5.6099997}
      - {x: -3.175, y: 5.37}
      - {x: -3.195, y: 5.37}
      - {x: -3.195, y: 5.2799997}
      - {x: -3.165, y: 5.21}
      - {x: -3.165, y: 5.08}
      - {x: -3.175, y: 4.99}
      - {x: -3.155, y: 4.91}
      - {x: -3.155, y: 4.68}
      - {x: -3.145, y: 4.5299997}
      - {x: -3.155, y: 4.46}
      - {x: -3.135, y: 4.31}
      - {x: -3.125, y: 4.14}
      - {x: -3.135, y: 3.84}
      - {x: -3.135, y: 3.47}
      - {x: -3.125, y: 3.37}
      - {x: -3.125, y: 3.1599998}
      - {x: -3.115, y: 2.98}
      - {x: -3.125, y: 2.8799999}
      - {x: -3.115, y: 2.59}
      - {x: -3.135, y: 2.5}
      - {x: -3.125, y: 2.27}
      - {x: -3.125, y: 1.87}
      - {x: -3.105, y: 1.77}
      - {x: -3.135, y: 1.6999999}
      - {x: -3.185, y: 1.6899999}
      - {x: -3.355, y: 1.6999999}
      - {x: -3.365, y: 1.81}
      - {x: -3.365, y: 2.09}
      - {x: -3.395, y: 2.3}
      - {x: -3.405, y: 2.57}
      - {x: -3.405, y: 2.6699998}
      - {x: -3.415, y: 2.8899999}
      - {x: -3.395, y: 3}
      - {x: -3.415, y: 3.1999998}
      - {x: -3.415, y: 3.31}
      - {x: -3.425, y: 3.51}
      - {x: -3.435, y: 3.6299999}
      - {x: -3.435, y: 4.15}
      - {x: -3.415, y: 4.22}
      - {x: -3.395, y: 4.39}
      - {x: -3.385, y: 4.48}
      - {x: -3.385, y: 4.5299997}
      - {x: -3.465, y: 4.64}
      - {x: -3.475, y: 4.73}
      - {x: -3.5549998, y: 4.8599997}
      - {x: -3.605, y: 5}
      - {x: -3.715, y: 5.15}
      - {x: -3.745, y: 5.23}
      - {x: -3.7849998, y: 5.2999997}
      - {x: -3.855, y: 5.43}
      - {x: -3.915, y: 5.54}
      - {x: -3.975, y: 5.64}
      - {x: -4.075, y: 5.7799997}
      - {x: -4.1549997, y: 5.91}
      - {x: -4.205, y: 6.02}
      - {x: -4.355, y: 6.17}
      - {x: -4.4649997, y: 6.18}
      - {x: -4.575, y: 6.0899997}
      - {x: -4.565, y: 5.96}
      - {x: -4.545, y: 5.89}
      - {x: -4.615, y: 5.91}
      - {x: -4.6949997, y: 5.92}
      - {x: -4.815, y: 5.95}
      - {x: -4.9249997, y: 5.94}
      - {x: -5.005, y: 5.91}
      - {x: -5.095, y: 6.0899997}
      - {x: -5.1549997, y: 6.14}
      - {x: -5.205, y: 6.1299996}
      - {x: -5.255, y: 6.08}
      - {x: -5.295, y: 6.02}
      - {x: -5.305, y: 5.87}
      - {x: -5.275, y: 5.75}
      - {x: -5.275, y: 5.64}
      - {x: -5.285, y: 5.52}
      - {x: -5.295, y: 5.29}
      - {x: -5.285, y: 5.14}
      - {x: -5.275, y: 5.0299997}
      - {x: -5.285, y: 4.91}
      - {x: -5.275, y: 4.8599997}
      - {x: -5.275, y: 4.72}
      - {x: -5.265, y: 4.52}
      - {x: -5.245, y: 4.21}
      - {x: -5.255, y: 4.15}
      - {x: -5.2349997, y: 3.87}
      - {x: -5.225, y: 3.82}
      - {x: -5.2149997, y: 3.6999998}
      - {x: -5.205, y: 3.57}
      - {x: -5.1949997, y: 3.5}
      - {x: -5.185, y: 3.32}
      - {x: -5.1549997, y: 3.24}
      - {x: -5.1749997, y: 3.09}
      - {x: -5.1949997, y: 2.95}
      - {x: -5.185, y: 2.8799999}
      - {x: -5.1549997, y: 2.79}
      - {x: -5.1549997, y: 2.71}
      - {x: -5.165, y: 2.6}
      - {x: -5.125, y: 2.5}
      - {x: -5.1349998, y: 2.45}
      - {x: -5.1349998, y: 2.26}
      - {x: -5.115, y: 2.19}
      - {x: -5.125, y: 2.11}
      - {x: -5.085, y: 2.05}
      - {x: -5.125, y: 1.99}
      - {x: -5.125, y: 1.87}
      - {x: -5.115, y: 1.77}
      - {x: -5.185, y: 1.67}
      - {x: -5.325, y: 1.68}
      - {x: -5.4649997, y: 1.68}
      - {x: -5.515, y: 1.64}
      - {x: -5.555, y: 1.55}
      - {x: -5.6349998, y: 1.4599999}
      - {x: -5.6549997, y: 1.4}
      - {x: -5.6549997, y: 1.0799999}
      - {x: -5.645, y: 0.96999997}
      - {x: -5.6549997, y: 0.90999997}
      - {x: -5.6349998, y: 0.81}
      - {x: -5.6349998, y: 0.7}
      - {x: -5.615, y: 0.59}
      - {x: -5.6349998, y: 0.55}
      - {x: -5.6349998, y: 0.41}
      - {x: -5.625, y: 0.26999998}
      - {x: -5.625, y: 0}
      - {x: -5.595, y: -0.14}
      - {x: -5.575, y: -0.17999999}
      - {x: -5.595, y: -0.31}
      - {x: -5.585, y: -0.39999998}
      - {x: -5.615, y: -0.45}
      - {x: -5.615, y: -0.55}
      - {x: -5.6349998, y: -0.65}
      - {x: -5.625, y: -0.74}
      - {x: -5.625, y: -0.82}
      - {x: -5.615, y: -0.93}
      - {x: -5.6349998, y: -1.01}
      - {x: -5.615, y: -1.1}
      - {x: -5.605, y: -1.18}
      - {x: -5.605, y: -1.27}
      - {x: -5.595, y: -1.35}
      - {x: -5.605, y: -1.43}
      - {x: -5.605, y: -1.5799999}
      - {x: -5.565, y: -1.73}
      - {x: -5.475, y: -1.86}
      - {x: -5.415, y: -1.9}
      - {x: -5.335, y: -1.93}
      - {x: -5.2149997, y: -1.99}
      - {x: -5.2149997, y: -2.11}
      - {x: -5.205, y: -2.18}
      - {x: -5.185, y: -2.49}
      - {x: -5.1949997, y: -2.59}
      - {x: -5.1749997, y: -2.6799998}
      - {x: -5.185, y: -2.76}
      - {x: -5.1749997, y: -2.9199998}
      - {x: -5.1549997, y: -3.3999999}
      - {x: -5.125, y: -3.4399998}
      - {x: -5.005, y: -3.49}
      - {x: -4.845, y: -3.49}
      - {x: -4.6349998, y: -3.47}
      - {x: -4.615, y: -3.49}
      - {x: -4.575, y: -3.49}
    - - {x: 3.715, y: 0.65}
      - {x: 3.665, y: 0.65999997}
      - {x: 3.655, y: 0.65}
      - {x: 3.705, y: 0.64}
      - {x: 3.725, y: 0.62}
      - {x: 3.7849998, y: 0.62}
      - {x: 3.7649999, y: 0.62}
      - {x: 3.7649999, y: 0.63}
--- !u!1 &6521060734539979184
GameObject:
  m_ObjectHideFlags: 0
  m_CorrespondingSourceObject: {fileID: 0}
  m_PrefabInstance: {fileID: 0}
  m_PrefabAsset: {fileID: 0}
  serializedVersion: 6
  m_Component:
  - component: {fileID: 6521060734539979187}
  - component: {fileID: 6521060734539979186}
  m_Layer: 0
  m_Name: Square
  m_TagString: Untagged
  m_Icon: {fileID: 0}
  m_NavMeshLayer: 0
  m_StaticEditorFlags: 0
  m_IsActive: 0
--- !u!4 &6521060734539979187
Transform:
  m_ObjectHideFlags: 0
  m_CorrespondingSourceObject: {fileID: 0}
  m_PrefabInstance: {fileID: 0}
  m_PrefabAsset: {fileID: 0}
  m_GameObject: {fileID: 6521060734539979184}
  m_LocalRotation: {x: -0, y: -0, z: -0, w: 1}
  m_LocalPosition: {x: 0, y: 0, z: 0}
  m_LocalScale: {x: 2, y: 2, z: 1}
  m_Children: []
  m_Father: {fileID: 6521060735878232574}
  m_RootOrder: 0
  m_LocalEulerAnglesHint: {x: 0, y: 0, z: 0}
--- !u!212 &6521060734539979186
SpriteRenderer:
  m_ObjectHideFlags: 0
  m_CorrespondingSourceObject: {fileID: 0}
  m_PrefabInstance: {fileID: 0}
  m_PrefabAsset: {fileID: 0}
  m_GameObject: {fileID: 6521060734539979184}
  m_Enabled: 1
  m_CastShadows: 0
  m_ReceiveShadows: 0
  m_DynamicOccludee: 1
  m_MotionVectors: 1
  m_LightProbeUsage: 1
  m_ReflectionProbeUsage: 1
  m_RayTracingMode: 0
  m_RayTraceProcedural: 0
  m_RenderingLayerMask: 1
  m_RendererPriority: 0
  m_Materials:
  - {fileID: 10754, guid: 0000000000000000f000000000000000, type: 0}
  m_StaticBatchInfo:
    firstSubMesh: 0
    subMeshCount: 0
  m_StaticBatchRoot: {fileID: 0}
  m_ProbeAnchor: {fileID: 0}
  m_LightProbeVolumeOverride: {fileID: 0}
  m_ScaleInLightmap: 1
  m_ReceiveGI: 1
  m_PreserveUVs: 0
  m_IgnoreNormalsForChartDetection: 0
  m_ImportantGI: 0
  m_StitchLightmapSeams: 1
  m_SelectedEditorRenderState: 0
  m_MinimumChartSize: 4
  m_AutoUVMaxDistance: 0.5
  m_AutoUVMaxAngle: 89
  m_LightmapParameters: {fileID: 0}
  m_SortingLayerID: -236166783
  m_SortingLayer: 3
  m_SortingOrder: 0
  m_Sprite: {fileID: 7482667652216324306, guid: 48e93eef0688c4a259cb0eddcd8661f7, type: 3}
  m_Color: {r: 0.28826985, g: 0.7735849, b: 0.33746222, a: 1}
  m_FlipX: 0
  m_FlipY: 0
  m_DrawMode: 0
  m_Size: {x: 1, y: 1}
  m_AdaptiveModeThreshold: 0.5
  m_SpriteTileMode: 0
  m_WasSpriteAssigned: 1
  m_MaskInteraction: 0
  m_SpriteSortPoint: 0
--- !u!1 &6521060735031823836
GameObject:
  m_ObjectHideFlags: 0
  m_CorrespondingSourceObject: {fileID: 0}
  m_PrefabInstance: {fileID: 0}
  m_PrefabAsset: {fileID: 0}
  serializedVersion: 6
  m_Component:
  - component: {fileID: 6521060735031823838}
  - component: {fileID: 7840527352130368565}
  m_Layer: 0
  m_Name: LowTable
  m_TagString: Untagged
  m_Icon: {fileID: 0}
  m_NavMeshLayer: 0
  m_StaticEditorFlags: 0
  m_IsActive: 1
--- !u!4 &6521060735031823838
Transform:
  m_ObjectHideFlags: 0
  m_CorrespondingSourceObject: {fileID: 0}
  m_PrefabInstance: {fileID: 0}
  m_PrefabAsset: {fileID: 0}
  m_GameObject: {fileID: 6521060735031823836}
  m_LocalRotation: {x: 0, y: 0, z: 0, w: 1}
  m_LocalPosition: {x: 32.489998, y: 28.3, z: 3.7737784}
  m_LocalScale: {x: 10, y: 10, z: 1}
  m_Children:
  - {fileID: 6521060735085794026}
  - {fileID: 6521060735878232574}
  m_Father: {fileID: 0}
  m_RootOrder: 0
  m_LocalEulerAnglesHint: {x: 0, y: 0, z: 0}
--- !u!114 &7840527352130368565
MonoBehaviour:
  m_ObjectHideFlags: 0
  m_CorrespondingSourceObject: {fileID: 0}
  m_PrefabInstance: {fileID: 0}
  m_PrefabAsset: {fileID: 0}
  m_GameObject: {fileID: 6521060735031823836}
  m_Enabled: 1
  m_EditorHideFlags: 0
  m_Script: {fileID: 11500000, guid: 0223a133fa2135a41866ac7a0ddfa8b1, type: 3}
  m_Name: 
  m_EditorClassIdentifier: 
  config: {fileID: 11400000, guid: 4a58394a5260bc248a9442057d4fea23, type: 2}
  colliderRoot: {fileID: 6521060735085794027}
  spriteRoot: {fileID: 6521060735878232575}
--- !u!1 &6521060735085794027
GameObject:
  m_ObjectHideFlags: 0
  m_CorrespondingSourceObject: {fileID: 0}
  m_PrefabInstance: {fileID: 0}
  m_PrefabAsset: {fileID: 0}
  serializedVersion: 6
  m_Component:
  - component: {fileID: 6521060735085794026}
  m_Layer: 0
  m_Name: colliders
  m_TagString: Untagged
  m_Icon: {fileID: 0}
  m_NavMeshLayer: 0
  m_StaticEditorFlags: 0
  m_IsActive: 1
--- !u!4 &6521060735085794026
Transform:
  m_ObjectHideFlags: 0
  m_CorrespondingSourceObject: {fileID: 0}
  m_PrefabInstance: {fileID: 0}
  m_PrefabAsset: {fileID: 0}
  m_GameObject: {fileID: 6521060735085794027}
  m_LocalRotation: {x: 0, y: 0, z: 0, w: 1}
  m_LocalPosition: {x: 0, y: 0, z: 0}
  m_LocalScale: {x: 1, y: 1, z: 1}
  m_Children:
  - {fileID: 6521060736104981125}
  m_Father: {fileID: 6521060735031823838}
  m_RootOrder: 0
  m_LocalEulerAnglesHint: {x: 0, y: 0, z: 0}
--- !u!1 &6521060735878232575
GameObject:
  m_ObjectHideFlags: 0
  m_CorrespondingSourceObject: {fileID: 0}
  m_PrefabInstance: {fileID: 0}
  m_PrefabAsset: {fileID: 0}
  serializedVersion: 6
  m_Component:
  - component: {fileID: 6521060735878232574}
  m_Layer: 0
  m_Name: sprites
  m_TagString: Untagged
  m_Icon: {fileID: 0}
  m_NavMeshLayer: 0
  m_StaticEditorFlags: 0
  m_IsActive: 1
--- !u!4 &6521060735878232574
Transform:
  m_ObjectHideFlags: 0
  m_CorrespondingSourceObject: {fileID: 0}
  m_PrefabInstance: {fileID: 0}
  m_PrefabAsset: {fileID: 0}
  m_GameObject: {fileID: 6521060735878232575}
  m_LocalRotation: {x: 0, y: 0, z: 0, w: 1}
  m_LocalPosition: {x: 0, y: 0, z: 0}
  m_LocalScale: {x: 1, y: 1, z: 1}
  m_Children:
  - {fileID: 6521060734539979187}
  - {fileID: 782399777977497582}
  - {fileID: 4086615867785778103}
  m_Father: {fileID: 6521060735031823838}
  m_RootOrder: 1
  m_LocalEulerAnglesHint: {x: 0, y: 0, z: 0}
--- !u!1 &6521060736104981122
GameObject:
  m_ObjectHideFlags: 0
  m_CorrespondingSourceObject: {fileID: 0}
  m_PrefabInstance: {fileID: 0}
  m_PrefabAsset: {fileID: 0}
  serializedVersion: 6
  m_Component:
  - component: {fileID: 6521060736104981125}
  - component: {fileID: 6521060736104981124}
  m_Layer: 9
  m_Name: collider
  m_TagString: Untagged
  m_Icon: {fileID: 0}
  m_NavMeshLayer: 0
  m_StaticEditorFlags: 0
  m_IsActive: 1
--- !u!4 &6521060736104981125
Transform:
  m_ObjectHideFlags: 0
  m_CorrespondingSourceObject: {fileID: 0}
  m_PrefabInstance: {fileID: 0}
  m_PrefabAsset: {fileID: 0}
  m_GameObject: {fileID: 6521060736104981122}
  m_LocalRotation: {x: 0, y: 0, z: 0, w: 1}
  m_LocalPosition: {x: 0, y: 0, z: 0}
  m_LocalScale: {x: 1, y: 1, z: 1}
  m_Children: []
  m_Father: {fileID: 6521060735085794026}
  m_RootOrder: 0
  m_LocalEulerAnglesHint: {x: 0, y: 0, z: 0}
--- !u!61 &6521060736104981124
BoxCollider2D:
  m_ObjectHideFlags: 0
  m_CorrespondingSourceObject: {fileID: 0}
  m_PrefabInstance: {fileID: 0}
  m_PrefabAsset: {fileID: 0}
  m_GameObject: {fileID: 6521060736104981122}
  m_Enabled: 1
  m_Density: 1
  m_Material: {fileID: 0}
  m_IsTrigger: 0
  m_UsedByEffector: 0
  m_UsedByComposite: 0
  m_Offset: {x: -0.005364418, y: -0.5979508}
  m_SpriteTilingProperty:
    border: {x: 0, y: 0, z: 0, w: 0}
    pivot: {x: 0, y: 0}
    oldSize: {x: 0, y: 0}
    newSize: {x: 0, y: 0}
    adaptiveTilingThreshold: 0
    drawMode: 0
    adaptiveTiling: 0
  m_AutoTiling: 0
  serializedVersion: 2
  m_Size: {x: 3.0593004, y: 0.880728}
  m_EdgeRadius: 0
